%% This BibTeX bibliography file was created using BibDesk.
%% http://bibdesk.sourceforge.net/


%% Created for Till Hoffmann at 2012-10-25 19:57:46 -0700 


%% Saved with string encoding Unicode (UTF-8) 



@misc{matplotlib,
	Date-Added = {2012-10-26 02:45:29 +0000},
	Date-Modified = {2012-10-26 02:45:46 +0000},
	Title = {matplotlib},
	Url = {http://matplotlib.org/},
	Bdsk-Url-1 = {http://matplotlib.org/}}

@misc{enthought,
	Date-Added = {2012-10-24 20:31:49 +0000},
	Date-Modified = {2012-10-24 20:32:17 +0000},
	Title = {Enthought Python Distribution},
	Url = {http://www.enthought.com/products/epd_free.php},
	Bdsk-Url-1 = {http://www.enthought.com/products/epd_free.php}}

@misc{networkx,
	Date-Added = {2012-10-24 20:31:22 +0000},
	Date-Modified = {2012-10-24 20:31:33 +0000},
	Title = {NetworkX},
	Url = {http://networkx.lanl.gov/},
	Bdsk-Url-1 = {http://networkx.lanl.gov/}}

@misc{scipy,
	Date-Added = {2012-10-24 20:30:46 +0000},
	Date-Modified = {2012-10-24 20:30:57 +0000},
	Title = {SciPy},
	Url = {http://scipy.org/},
	Bdsk-Url-1 = {http://scipy.org/}}

@misc{python,
	Date-Added = {2012-10-24 20:29:02 +0000},
	Date-Modified = {2012-10-24 20:29:50 +0000},
	Title = {Python Programming Language},
	Url = {http://python.org/},
	Bdsk-Url-1 = {http://python.org/}}

@article{hoffmann,
	Author = {Hoffmann, Till and Porter, Mason A. and Lambiotte, Renaud},
	Date-Added = {2012-10-24 20:14:18 +0000},
	Date-Modified = {2012-10-24 20:20:11 +0000},
	Doi = {10.1103/PhysRevE.86.046102},
	Issue = {4},
	Journal = {Phys. Rev. E},
	Month = {October},
	Numpages = {11},
	Pages = {046102},
	Publisher = {American Physical Society},
	Title = {Generalized master equations for non-Poisson dynamics on networks},
	Url = {http://link.aps.org/doi/10.1103/PhysRevE.86.046102},
	Volume = {86},
	Year = {2012},
	Bdsk-Url-1 = {http://link.aps.org/doi/10.1103/PhysRevE.86.046102},
	Bdsk-Url-2 = {http://dx.doi.org/10.1103/PhysRevE.86.046102}}
